@article{li2007recent,
  title={Recent developments on welding image processing and features extraction},
  author={Li, Yuan and Wang, Qinglin and Xu, De and Yan, Zhiguo and Tan, Min},
  journal={Measurement and Control},
  volume={40},
  number={5},
  pages={139--145},
  year={2007},
  publisher={SAGE Publications Sage UK: London, England}
}

@article{huang2012development,
  title={Development of a real-time laser-based machine vision system to monitor and control welding processes},
  author={Huang, Wei and Kovacevic, Radovan},
  journal={The International Journal of Advanced Manufacturing Technology},
  volume={63},
  number={1-4},
  pages={235--248},
  year={2012},
  publisher={Springer}
}

@inproceedings{wang2014weld,
  title={Weld seam detection and feature extraction based on laser vision},
  author={Wang, Xiuping and Bai, Ruilin and Liu, Ziteng},
  booktitle={Control Conference (CCC), 2014 33rd Chinese},
  pages={8249--8252},
  year={2014},
  organization={IEEE}
}

@inproceedings{xu2004features,
  title={Features extraction for structured light image of welding seam with arc and splash disturbance},
  author={Xu, De and Jiang, Zemin and Wang, Linkun and Tan, Min},
  booktitle={Control, Automation, Robotics and Vision Conference, 2004. ICARCV 2004 8th},
  volume={3},
  pages={1559--1563},
  year={2004},
  organization={IEEE}
}

@inproceedings{zhang2007vision,
  title={Vision-based profile generation method of TWB for a new automatic laser welding line},
  author={Zhang, Lei and Zhao, Mingyang and Zhao, Lihua},
  booktitle={Automation and Logistics, 2007 IEEE International Conference on},
  pages={1658--1663},
  year={2007},
  organization={IEEE}
}

@article{uzun2005fpga,
  title={FPGA implementations of fast Fourier transforms for real-time signal and image processing},
  author={Uzun, Isa Servan and Amira, Abbes and Bouridane, Ahmed},
  journal={IEE Proceedings-Vision, Image and Signal Processing},
  volume={152},
  number={3},
  pages={283--296},
  year={2005},
  publisher={IET}
}

@inproceedings{liu2006image,
  title={Image processing of welding seam based on single-stripe laser vision system},
  author={Liu, Xiwen and Wang, Guorong and Shi, Yonghua},
  booktitle={Intelligent Systems Design and Applications, 2006. ISDA'06. Sixth International Conference on},
  volume={2},
  pages={463--470},
  year={2006},
  organization={IEEE}
}

@article{li2010measurement,
  title={Measurement and defect detection of the weld bead based on online vision inspection},
  author={Li, Yuan and Li, You Fu and Wang, Qing Lin and Xu, De and Tan, Min},
  journal={IEEE Transactions on Instrumentation and Measurement},
  volume={59},
  number={7},
  pages={1841--1849},
  year={2010},
  publisher={IEEE}
}

@article{otsu1979threshold,
  title={A threshold selection method from gray-level histograms},
  author={Otsu, Nobuyuki},
  journal={IEEE transactions on systems, man, and cybernetics},
  volume={9},
  number={1},
  pages={62--66},
  year={1979},
  publisher={IEEE}
}

@misc{itseez2015opencv,
  title={Open Source Computer Vision Library},
  author={Itseez},
  year={2015},
  howpublished = {\url{https://github.com/itseez/opencv}}
}

@inproceedings{kim1995robust,
  title={A robust method for vision-based seam tracking in robotic arc welding},
  author={Kim, Jae Seon and Son, Young Tak and Cho, Hyung Suck and Koh, Kwang Il},
  booktitle={Intelligent Control, 1995., Proceedings of the 1995 IEEE International Symposium on},
  pages={363--368},
  year={1995},
  organization={IEEE}
}

@article{davis2011vision,
  title={Vision-based clad height measurement},
  author={Davis, Tyler A and Shin, Yung C},
  journal={Machine Vision and Applications},
  volume={22},
  number={1},
  pages={129--136},
  year={2011},
  publisher={Springer}
}

@article{nguyen2014laser,
  title={Laser-vision-based quality inspection system for small-bead laser welding},
  author={Nguyen, Huu-Cuong and Lee, Byung-Ryong},
  journal={International journal of precision engineering and manufacturing},
  volume={15},
  number={3},
  pages={415--423},
  year={2014},
  publisher={Springer}
}

@article{zack1977automatic,
  title={Automatic measurement of sister chromatid exchange frequency.},
  author={Zack, GW and Rogers, WE and Latt, SA},
  journal={Journal of Histochemistry \& Cytochemistry},
  volume={25},
  number={7},
  pages={741--753},
  year={1977},
  publisher={SAGE Publications Sage CA: Los Angeles, CA}
}

@article{vlasea2013experimental,
  title={Experimental characterization and numerical modeling of a micro-syringe deposition system for dispensing sacrificial photopolymers on particulate ceramic substrates},
  author={Vlasea, Mihaela and Toyserkani, Ehsan},
  journal={Journal of Materials Processing Technology},
  volume={213},
  number={11},
  pages={1970--1977},
  year={2013},
  publisher={Elsevier}
}

@inproceedings{mahalanobis1936generalized,
  title={On the generalized distance in statistics},
  author={Mahalanobis, Prasanta Chandra},
  year={1936},
  organization={National Institute of Science of India}
}

@inproceedings{hisham2015template,
  title={Template matching using sum of squared difference and normalized cross correlation},
  author={Hisham, MB and Yaakob, Shahrul Nizam and Raof, RA A and Nazren, AB A and Embedded, NM Wafi},
  booktitle={Research and Development (SCOReD), 2015 IEEE Student Conference on},
  pages={100--104},
  year={2015},
  organization={IEEE}
}

@article{doumanidis2001geometry,
  title={Geometry modeling and control by infrared and laser sensing in thermal manufacturing with material deposition},
  author={Doumanidis, Charalabos and Kwak, Yong-Min},
  journal={Journal of manufacturing science and engineering},
  volume={123},
  number={1},
  pages={45--52},
  year={2001},
  publisher={American Society of Mechanical Engineers}
}

@article{faes2016process,
  title={Process monitoring of extrusion based 3D printing via laser scanning},
  author={Faes, Matthias and Abbeloos, Wim and Vogeler, Frederik and Valkenaers, Hans and Coppens, Kurt and Goedem{\'e}, Toon and Ferraris, Eleonora},
  journal={arXiv preprint arXiv:1612.02219},
  year={2016}
}

@inproceedings{wang2016reduced,
  title={Reduced-order multivariable modeling and nonlinear control of melt-pool geometry and temperature in directed energy deposition},
  author={Wang, Qian and Li, Jianyi and Gouge, Michael and Nassar, Abdalla R and Michaleris, Pan and Reutzel, Edward W},
  booktitle={American Control Conference (ACC), 2016},
  pages={845--851},
  year={2016},
  organization={IEEE}
}

@article{devesse2017model,
  title={Model-Based Temperature Feedback Control of Laser Cladding Using High-Resolution Hyperspectral Imaging},
  author={Devesse, Wim and De Baere, Dieter and Hinderdael, Micha{\"e}l and Guillaume, Patrick},
  journal={IEEE/ASME Transactions on Mechatronics},
  volume={22},
  number={6},
  pages={2714--2722},
  year={2017},
  publisher={IEEE}
}

@article{stucker2010additive,
  title={Additive Manufacturing Technologies},
  author={Stucker, B and Gibson, I and Rosen, D},
  journal={Springer},
  year={2010}
}

@article{liravi2017additive,
  title={Additive manufacturing of 3D structures with non-Newtonian highly viscous fluids: Finite element modeling and experimental validation},
  author={Liravi, Farzad and Darleux, Robin and Toyserkani, Ehsan},
  journal={Additive Manufacturing},
  volume={13},
  pages={113--123},
  year={2017},
  publisher={Elsevier}
}

@article{calignano2017overview,
  title={Overview on additive manufacturing technologies},
  author={Calignano, Flaviana and Manfredi, Diego and Ambrosio, Elisa Paola and Biamino, Sara and Lombardi, Mariangela and Atzeni, Eleonora and Salmi, Alessandro and Minetola, Paolo and Iuliano, Luca and Fino, Paolo},
  journal={Proceedings of the IEEE},
  volume={105},
  number={4},
  pages={593--612},
  year={2017},
  publisher={IEEE}
}

@article{magnoni2017robotic,
  title={Robotic AM System for Plastic Materials: Tuning and On-line Adjustment of Process Parameters},
  author={Magnoni, Paolo and Rebaioli, Lara and Fassi, Irene and Pedrocchi, Nicola and Tosatti, Lorenzo Molinari},
  journal={Procedia Manufacturing},
  volume={11},
  pages={346--354},
  year={2017},
  publisher={Elsevier}
}

@inproceedings{hoelzle2008iterative,
  title={Iterative Learning Control for robotic deposition using machine vision},
  author={Hoelzle, David J and Alleyne, Andrew G and Johnson, Amy J Wagoner},
  booktitle={American Control Conference, 2008},
  pages={4541--4547},
  year={2008},
  organization={IEEE}
}